
@ARTICLE{2018PNAS..115.8872H,
       author = {{Huppenkothen}, Daniela and {Arendt}, Anthony and {Hogg}, David W. and
        {Ram}, Karthik and {VanderPlas}, Jacob T. and {Rokem}, Ariel},
        title = "{Hack weeks as a model for data science education and collaboration}",
      journal = {Proceedings of the National Academy of Science},
     keywords = {Physics - Physics Education, Astrophysics - Instrumentation and Methods for Astrophysics, Computer Science - Computers and Society},
         year = 2018,
        month = Sep,
       volume = {115},
        pages = {8872-8877},
          doi = {10.1073/pnas.1717196115},
archivePrefix = {arXiv},
       eprint = {1711.00028},
 primaryClass = {physics.ed-ph},
       adsurl = {https://ui.adsabs.harvard.edu/\#abs/2018PNAS..115.8872H},
      adsnote = {Provided by the SAO/NASA Astrophysics Data System}
}


@inproceedings{I8-1_adassxxviii,
       author = "A. Nebot",
    booktitle = "ADASS XXVIII",
       series = "ASP Conf.\ Ser.",
         year = 2019,
       editor = "TBD",
       volume = "TBD",
        pages = "TBD",
    publisher = "ASP",
      address = "San Francisco",
}

@Article{BHHK18,
  author =       {W. Bangerth and L. Hwang and T. Heister and L. Kellogg},
  title =        {The role of scientific communities in creating reusable software: lessons from geophysics},
  journal =      {Computing in Science and Engineering, accepted},
  year =         {2018},
  OPTkey =       {},
  OPTvolume =    {},
  OPTnumber =    {},
  OPTpages =     {},
  OPTmonth =     {},
  OPTnote =      {},
  OPTannote =    {}
}

